

@ONLINE{kuber.docs,
    title = {Service},
    author = {Kubernetes.docs},
    year = {2019},
    url = {https://kubernetes.io/docs/concepts/services-networking/service/}
}

@ONLINE{aws.amazon,
    title = {What is a Kubernetes Cluster?},
    author = {AWS.docs},
    year = {2022},
    url = {https://aws.amazon.com/what-is/kubernetes-cluster/}
}

@book{KubernetBook,
  author    = "Poulton, Nigel",
  title     = "The Kubernetes Book",
  publisher = "LeanPub",
  year      = "2021"
}


